<?xml version="1.0" encoding="UTF-8"?><collection xmlns="http://www.loc.gov/MARC21/slim"><record><leader>00530nam--2200169-u-4500</leader><controlfield tag="001">000056699</controlfield><controlfield tag="002">20161230</controlfield><controlfield tag="005">20161230201052</controlfield><controlfield tag="008">160413s1000------------r-----000-0-fre-d</controlfield><datafield ind1=" " ind2=" " tag="040"><subfield code="a">IFIN-HH</subfield></datafield><datafield ind1=" " ind2=" " tag="041"><subfield code="a">fre</subfield></datafield><datafield ind1="1" ind2=" " tag="100"><subfield code="a">Bodiou, Georges</subfield></datafield><datafield ind1="1" ind2=" " tag="245"><subfield code="a">Theorie dialectique des probabilites englobant leurs calcus classique et quantique</subfield><subfield code="c">Georges Bodiou</subfield></datafield><datafield ind1=" " ind2=" " tag="260"><subfield code="a">Paris</subfield><subfield code="b">Gauthier-Villars</subfield><subfield code="c">1964</subfield></datafield><datafield ind1=" " ind2=" " tag="490"><subfield code="a">Traite de physique theorique et de physique mathematique. XX</subfield></datafield><datafield ind1=" " ind2=" " tag="852"><subfield code="a">10381</subfield><subfield code="c">530.1</subfield></datafield><datafield ind1=" " ind2=" " tag="CAT"><subfield code="a">Sys</subfield><subfield code="c">20160413</subfield><subfield code="h">101421</subfield></datafield></record></collection>